@article{shapiro2011convergent,
title={Convergent and commutative replicated data types},
author={Shapiro, Marc and Pregui{\c{c}}a, Nuno and Baquero, Carlos and Zawirski, Marek and Fatourou, P and others},
journal={Bulletin of the EATCS},
number={104},
pages={67--88},
year={2011}
}
@article{letia2009crdts,
title={CRDTs: Consistency without concurrency control},
author={Letia, Mihai and Pregui{\c{c}}a, Nuno and Shapiro, Marc},
journal={arXiv preprint arXiv:0907.0929},
year={2009}
}
@misc{riak2013,
title={Counters in Riak 1.4},
author={Basho},
howpublished="\url{http://basho.com/counters-in-riak-1-4/}",
year={2013}
}
